@misc{grafana_authentication,
  author       = {{Grafana Labs}},
  title        = {Configure Grafana authentication},
  year         = {2024},
  url          = {https://grafana.com/docs/grafana/latest/setup-grafana/configure-security/configure-authentication/},
  note         = {Accessed: 2024-09-20}
}

@misc{grafana_oauth,
  author       = {{Grafana Labs}},
  title        = {Configure generic OAuth2 authentication},
  year         = {2024},
  url          = {https://grafana.com/docs/grafana/latest/setup-grafana/configure-security/configure-authentication/generic-oauth/},
  note         = {Accessed: 2024-09-20}
}

@misc{keycloak,
  author       = {Keycloak},
  title        = {Keycloak: Open Source Identity and Access Management},
  year         = {2024},
  url          = {https://www.keycloak.org/},
  note         = {Accessed: 2024-09-20}
}

@misc{bitnami_keycloak,
  author       = {Bitnami},
  title        = {Keycloak Helm Chart},
  year         = {2024},
  url          = {https://github.com/bitnami/charts/tree/main/bitnami/keycloak},
  note         = {Accessed: 2024-09-20}
}