@book{Handbook,
  author    = {Kim, Gene and Jez Humble and Patrick Debois and John Willis and Nicole Forsgren},
  title     = {The DevOps Handbook},
  publisher = {ITRev},
  edition = {2nd},
  year      = {2021},
  _isbn      = {9781950508433}
}

@book{Phoenix,
  author = {Kim, Gene and Kevin Behr and George Spafford},
  title = {The Phoenix Project},
  publisher = {ITRev},
  _isbn = {9781942788300},
  year = {2018}
}

@book{delivery,
  author = {Farley, David and Jez Humble},
  title = {Continuous Delivery},
  publisher = {Addison Wesley},
  _isbn = {9780321601919},
  year = {2010}
}

@misc{ucloud,
  author = {{AAU, AU, SDU consortium in collaboration with DeiC}},
  title = {{UCloud}},
  howpublished = "\url{https://cloud.sdu.dk}",
  year = {2024}, 
  note = "[Online; accessed 7-August-2024]"
}

@misc{grafana,
  author = {Grafana Labs},
  title = {{Grafana}},
  howpublished = "\url{https://grafana.com}",
  year = {2024}, 
  note = "[Online; accessed 7-August-2024]"
}

@misc{prometheus,
  title = {{Prometheus}},
  howpublished = "\url{https://prometheus.io}",
  year = {2024}, 
  note = "[Online; accessed 7-August-2024]"
}

@misc{kubevirt,
  title = {{KubeVirt}},
  howpublished = "\url{https://kubevirt.io}",
  year = {2024}, 
  note = "[Online; accessed 7-August-2024]"
}

@misc{docker,
  author = {Docker, Inc.},
  title = {{Docker}},
  howpublished = "\url{https://www.docker.com}",
  year = {2024}, 
  note = "[Online; accessed 7-August-2024]"
}

@misc{ctfd,
  title = {{CTFd}},
  howpublished = "\url{https://ctfd.io}",
  year = {2024}, 
  note = "[Online; accessed 7-August-2024]"
}

@misc{jenkins,
  author = {Jenkins Project},
  title = {{Jenkins}},
  howpublished = "\url{https://www.jenkins.io}",
  year = {2024}, 
  note = "[Online; accessed 7-August-2024]"
}

@misc{kubernetes,
  author = {The Cloud Native Computing Foundation},
  title = {{Kubernetes}},
  howpublished = "\url{https://kubernetes.io}",
  year = {2024}, 
  note = "[Online; accessed 7-August-2024]"
}

@misc{pulumi,
  title = {{Pulumi}},
  howpublished = "\url{https://www.pulumi.com}",
  year = {2024}, 
  note = "[Online; accessed 7-August-2024]"
}

@misc{keycloak,
  title = {{Keycloak}},
  howpublished = "\url{https://www.keycloak.org}",
  year = {2024}, 
  note = "[Online; accessed 7-August-2024]"
}

@Misc{ucloud2,
  author   = {Asimov, Isaac},
  title    = {The Last Question},
  year     = {1956},
  language = {English},
  url      = {https://astronomy.org/moravian/C00-Last%20Question.pdf},
  urldate  = {2024-04-20},
  note={{urldate:} 2024-04-20}
}